@misc{genode-arm,
	howpublished = {{http://genode.org/documentation/articles/arm_virtualization}},
	title = {{An in-depth look into the ARM virtualization extensions}}
}

@misc{virtualization-embedded,
	author = {M. Tim Jones},
	title = {{Virtualization for embedded systems}},
	year = {2011}
}

@misc{vmware,
	publisher = {vmware white paper},
	title = {{Understanding Full Virtualization, Paravirtualization, and Hardware Assist}},
	year = {2007}
}

@misc{hw-support-arm,
	author = {Prashant Varanasi and Gernot Heiser},
	title = {{Hardware-Supported Virtualization on ARM}},
	publisher = {NICTA, University of New South Wales and Open Kernel Labs},
	address = {Sydney, Australia}
}

@misc{virt-embedded,
	author = {Gernot Heiser},
	title = {Virtualization for Embedded Systems},
	publisher = {Open Kernel Labs},
	year = {2007}
}

@misc{intr-virtualization,
	author = {Amit Singh},
	title = {{An introduction to virtualization}},
	howpublished = {{http://www.kernelthread.com/publications/virtualization/}},
	year = {2004}
}

@misc{intr-bhyve,
	howpublished = {{https://docs.google.com/viewer?url=http\%3A\%2F\%2Fbhyvecon.org\%2Fintroduction\_to\_bhyve.pdf}},
	title = {{Introduction to bhyve}},
	author = {Takuya Asada}
}

@misc{comp-bsd-linux,
	howpublished = {{https://www.digitalocean.com/community/tutorials/a-comparative-introduction-to-freebsd-for-linux-users}},
	title = {{A Comparative Introduction to FreeBSD for Linux Users}}
}

@misc{extending-bhyve,
	howpublished = {{http://people.freebsd.org/~grehan/talks/eurobsdcon\_2013\_bhyve.pdf}},
	title = {{Extending bhyve beyond FreeBD guests}},
	author = {Peter Grehan}
}

@misc{bsd,
	howpublished = {{https://www.freebsd.org/doc/en\_US.ISO8859-1/articles/explaining-bsd/index.html}},
	title = {{Explaining BSD}}
}

@misc{formal-virt,
	author = {Gerald J Popek and Robert P Goldberg},
	year = {1974},
	title = {{Formal requirements for virtualizable third generation architectures}}
}

@misc{arndale,
	howpublished = {{https://wiki.freebsd.org/FreeBSD/arm/ArndaleBoard}},
	title = {{FreeBSD on Arndale Board}}
}

@misc{kvm,
	howpublished = {{http://www.virtualopensystems.com/en/solutions/guides/kvm-virtualization-on-arndale/}},
	title = {{KVM virtualization on Arndale development board}}
}

@misc{gnu,
	howpublished = {{http://www.gnu.org/licenses/gpl-3.0.en.html}},
	title = {{GNU GENERAL PUBLIC LICENSE}}
}

@misc{bsd-license,
	howpublished = {{http://opensource.org/licenses/bsd-license.php}},
	title = {{The BSD 2-Clause License}}
}
